@ARTICLE{rush1978,  
author={J. Sundnes* and R. Artebrant and O. Skavhaug and A. Tveito}, 
journal={IEEE Transactions on Biomedical Engineering}, 
title={A Second-Order Algorithm for Solving Dynamic Cell Membrane Equations}, 
year={2009}, 
volume={56}, 
number={10}, 
pages={2546-2548}, 
keywords={Runge-Kutta methods;bioelectric phenomena;biomembranes;cardiology;cellular biophysics;linear differential equations;physiological models;Rush-Larsen method;cardiac cell model;dynamic membrane models;electrophysiology;linear ordinary differential equations;local linearization;second-order Runge-Kutta method;Biomembranes;Cardiac tissue;Cells (biology);Computational modeling;Differential equations;Heuristic algorithms;Informatics;Mathematical model;Nonlinear equations;Numerical models;Sun;Testing;Thyristors;Cell model equations;numerical method;second-order accuracy;Algorithms;Animals;Cardiac Electrophysiology;Cell Membrane;Dogs;Heart Atria;Heart Ventricles;Humans;Models, Biological;Models, Statistical;Myocardium}, 
doi={10.1109/TBME.2009.2014739}, 
ISSN={0018-9294}, 
month={Oct},}


@book{sakmann2013,
  title={Single-channel recording},
  author={Sakmann, Bert},
  year={2013},
  publisher={Springer Science \& Business Media}
}

@article{Blazeski,
  title={Electrophysiological and contractile function of cardiomyocytes derived from human embryonic stem cells},
  author={Blazeski, Adriana and Zhu, Renjun and Hunter, David W and Weinberg, Seth H and Boheler, Kenneth R and Zambidis, Elias T and Tung, Leslie},
  journal={Progress in Biophysics and Molecular Biology},
  volume={110},
  number={2},
  pages={178--195},
  year={2012},
  publisher={Elsevier}
}

@article{Chen2016,
  title={Subtype-specific promoter-driven action potential imaging for precise disease modelling and drug testing in hiPSC-derived cardiomyocytes},
  author={Chen, Zhifen and Xian, Wenying and Bellin, Milena and Dorn, Tatjana and Tian, Qinghai and Goedel, Alexander and Dreizehnter, Lisa and Schneider, Christine M and Ward-van Oostwaard, Dorien and Ng, Judy King Man and others},
  journal={European Heart Journal},
  volume={38},
  number={4},
  pages={292--301},
  year={2017},
  publisher={Eur Soc Cardiology}
}

@article{Dempsey2016,
  title={Cardiotoxicity screening with simultaneous optogenetic pacing, voltage imaging and calcium imaging},
  author={Dempsey, Graham T and Chaudhary, Khuram W and Atwater, Nicholas and Nguyen, Cuong and Brown, Barry S and McNeish, John D and Cohen, Adam E and Kralj, Joel M},
  journal={Journal of Pharmacological and Toxicological Methods},
  volume={81},
  pages={240--250},
  year={2016},
  publisher={Elsevier}
}

@article{Denning2016,
  title={Cardiomyocytes from human pluripotent stem cells: from laboratory curiosity to industrial biomedical platform},
  author={Denning, Chris and Borgdorff, Viola and Crutchley, James and Firth, Karl SA and George, Vinoj and Kalra, Spandan and Kondrashov, Alexander and Hoang, Minh Duc and Mosqueira, Diogo and Patel, Asha and others},
  journal={Biochimica et Biophysica Acta (BBA)-Molecular Cell Research},
  volume={1863},
  number={7},
  pages={1728--1748},
  year={2016},
  publisher={Elsevier}
}

@book{Gunzburger,
  title={Perspectives in flow control and optimization},
  author={Gunzburger, Max D},
  year={2002},
  publisher={SIAM}
}

@article{Lee2012,
  title={Simultaneous Voltage and Calcium Mapping of Genetically Purified Human Induced Pluripotent Stem Cell--Derived Cardiac Myocyte Monolayers},
  author={Lee, Peter and Klos, Matt and Bollensdorff, Christian and Hou, Luqia and Ewart, Paul and Kamp, Timothy J and Zhang, Jianhua and Bizy, Alexandra and Guerrero-Serna, Guadalupe and Kohl, Peter and others},
  journal={Circulation Research},
  volume={110},
  number={12},
  pages={1556--1563},
  year={2012},
  publisher={Am Heart Assoc}
}

@article{Leyton2014,
  title={Rapid cellular phenotyping of human pluripotent stem cell-derived cardiomyocytes using a genetically encoded fluorescent voltage sensor},
  author={Leyton-Mange, Jordan S and Mills, Robert W and Macri, Vincenzo S and Jang, Min Young and Butte, Faraz N and Ellinor, Patrick T and Milan, David J},
  journal={Stem Cell Reports},
  volume={2},
  number={2},
  pages={163--170},
  year={2014},
  publisher={Elsevier}
}

@ARTICLE{Ma2011,
  author={Ma, Junyi and Guo, Liang and Fiene, Steve J and Anson, Blake D and Thomson, James A and Kamp, Timothy J and Kolaja, Kyle L and Swanson, Bradley J and January, Craig T},
title={High purity human-induced pluripotent stem cell-derived cardiomyocytes: Electrophysiological properties of action potentials and ionic currents},
journal={American Journal of Physiology - Heart and Circulatory Physiology},
year={2011},
volume={301},
number={5},
pages={H2006-H2017},
doi={10.1152/ajpheart.00694.2011}
}

@book{KeenerI,
  title={Mathematical Physiology},
  author={Keener, James P and Sneyd, James},
  year={2009},
  publisher={Springer}
}

@article{Paci2013,
  title={Computational models of ventricular-and atrial-like human induced pluripotent stem cell derived cardiomyocytes},
  author={Paci, Michelangelo and Hyttinen, Jari and Aalto-Set{\"a}l{\"a}, Katriina and Severi, Stefano},
  journal={Annals of Biomedical Engineering},
  volume={41},
  number={11},
  pages={2334--2348},
  year={2013},
  publisher={Springer}
}

@article{Paci2015,
  title={Human induced pluripotent stem cell-derived versus adult cardiomyocytes: an \emph{in silico} electrophysiological study on effects of ionic current block},
  author={Paci, Michelangelo and Hyttinen, Jari and Rodriguez, Blanca and Severi, Stefano},
  journal={British Journal of Pharmacology},
  volume={172},
  number={21},
  pages={5147--5160},
  year={2015},
  publisher={Wiley Online Library}
}

@article{Plonsey1982,
  title={The four-electrode resistivity technique as applied to cardiac muscle},
  author={Plonsey, Robert and Barr, Roger},
  journal={IEEE Transactions on Biomedical Engineering},
  volume={29},
  number={7},
  pages={541--546},
  year={1982},
  publisher={IEEE}
}

@article{Plonsey1984,
  title={Propagation of excitation in idealized anisotropic two-dimensional tissue},
  author={Barr, Roger C and Plonsey, Robert},
  journal={Biophysical Journal},
  volume={45},
  number={6},
  pages={1191--1202},
  year={1984},
  publisher={Elsevier}
}

@article{Rajamohan2013,
  title={Current status of drug screening and disease modelling in human pluripotent stem cells},
  author={Rajamohan, Divya and Matsa, Elena and Kalra, Spandan and Crutchley, James and Patel, Asha and George, Vinoj and Denning, Chris},
  journal={Bioessays},
  volume={35},
  number={3},
  pages={281--298},
  year={2013},
  publisher={Wiley Online Library}
}

        ï»¿@epub {Sallam2016,
author = {Sala, Luca and Bellin, Milena and Mummery, Christine L},
title = {Integrating cardiomyocytes from human pluripotent stem cells in safety pharmacology: has the time come?},
journal = {British Journal of Pharmacology},
issn = {1476-5381},
url = {http://dx.doi.org/10.1111/bph.13577},
doi = {10.1111/bph.13577},
pages = {n/a--n/a},
year = {2016},
note = {http://dx.doi.org/10.1111/bph.13577 [Epub]},
}


@article{Roth,
  title={Current injection into a two-dimensional anisotropic bidomain},
  author={Sepulveda, Nestor G and Roth, Bradley J and Wikswo, John P},
  journal={Biophysical Journal},
  volume={55},
  number={5},
  pages={987--999},
  year={1989},
  publisher={Elsevier}
}

@article{Shukla2017,
author = {Shukla, Praveen and Wu, Joseph C.},
title = {Cardiac subtype characterization using all-optical action potential imaging},
journal = {European Heart Journal},
volume = {38},
number = {4},
pages = {302},
year = {2017},
doi = {10.1093/eurheartj/ehw380},
URL = { + http://dx.doi.org/10.1093/eurheartj/ehw380},
eprint = {/oup/backfile/content_public/journal/eurheartj/38/4/10.1093_eurheartj_ehw380/1/ehw380.pdf}
}

@article{Sundnes,
  title={On the computational complexity of the bidomain and the monodomain models of electrophysiology},
  author={Sundnes, Joakim and Nielsen, Bj{\o}rn Fredrik and Mardal, Kent Andre and Cai, Xing and Lines, Glenn Terje and Tveito, Aslak},
  journal={Annals of Biomedical Engineering},
  volume={34},
  number={7},
  pages={1088--1097},
  year={2006},
  publisher={Springer}
}

@article{Takahashi2007,
  title={Induction of pluripotent stem cells from adult human fibroblasts by defined factors},
  author={Takahashi, Kazutoshi and Tanabe, Koji and Ohnuki, Mari and Narita, Megumi and Ichisaka, Tomoko and Tomoda, Kiichiro and Yamanaka, Shinya},
  journal={Cell},
  volume={131},
  number={5},
  pages={861--872},
  year={2007},
  publisher={Elsevier}
}

@article{Zhu2016,
  title={Variability of action potentials within and among cardiac cell clusters derived from human embryonic stem cells},
  author={Zhu, Renjun and Millrod, Michal A and Zambidis, Elias T and Tung, Leslie},
  journal={Scientific Reports},
  volume={6},
  year={2016},
  publisher={Nature Publishing Group}
}


@Misc{cbcbeat2,
            title =  {Cbcbeat {W}eb page},
            url =    {http://bitbucket.org/meg/cbcbeat},
            howpublished = {\url{http://bitbucket.org/meg/cbcbeat}},
            year = {accessed on 01 June 2017}
          }



@Misc{cellml2,
            title =  {Cellml {W}eb page},
            url =    {http://models.cellml.org/electrophysiology}},
            howpublished = {\url{http://models.cellml.org/electrophysiology}},
            year = {accessed on 01 June 2017}
          }


@Misc{fenics2,
            title =  {FEniCS {W}eb page},
            url =    {http://www.fenicsproject.org},
            howpublished = {\url{http://www.fenicsproject.org}},
            year = {accessed on 01 June 2017}
          }


@Misc{dolfin-adjoint2,
            title =  {Dolfin-adjoint {W}eb page},
            url =    {http://www.dolfin-adjoint.org},
            howpublished = {\url{http://www.dolfin-adjoint.org}},
            year = {accessed on 01 June 2017}
          }


 @Misc{petsc-web-page,
            title =  {{PETS}c {W}eb page},
            url =    {http://www.mcs.anl.gov/petsc},
            howpublished = {\url{http://www.mcs.anl.gov/petsc}},
            year = {accessed on 01 June 2017}
          }

@TechReport{petsc-user-ref,
            author = {Satish Balay and Shrirang Abhyankar and Mark~F. Adams and Jed Brown and Peter Brune
                      and Kris Buschelman and Lisandro Dalcin and Victor Eijkhout and William~D. Gropp
                      and Dinesh Kaushik and Matthew~G. Knepley
                      and Lois Curfman McInnes and Karl Rupp and Barry~F. Smith
                      and Stefano Zampini and Hong Zhang and Hong Zhang},
            title  = {{PETS}c Users Manual},
            institution = {Argonne National Laboratory},
            year   = 2016,
            number = {ANL-95/11 - Revision 3.7},
            url    = {http://www.mcs.anl.gov/petsc}
          }
          
          @InProceedings{petsc-efficient,
            Author = "Satish Balay and William D. Gropp and Lois Curfman McInnes and Barry F.  Smith",
            Title = "Efficient Management of Parallelism in Object Oriented Numerical Software Libraries",
            Booktitle = "Modern Software Tools in Scientific Computing",
            Editor = "E. Arge and A. M. Bruaset and H. P. Langtangen",
            Pages = "163--202",
            Publisher = "Birkh{\"{a}}user Press",
            Year = "1997"
          }

@article{dolfin-adjoint,
author={Farrell, Patrick E and Ham, David A and Funke, Simon W and Rognes, Marie E},
title = {Automated Derivation of the Adjoint of High-Level Transient Finite Element Programs},
journal = {SIAM Journal on Scientific Computing},
volume = {35},
number = {4},
pages = {C369--C393},
year = {2013},
doi = {10.1137/120873558},
URL = {https://doi.org/10.1137/120873558},
eprint = {https://doi.org/10.1137/120873558}
}

@book{fenics,
  title={Automated solution of differential equations by the finite element method: The FEniCS book},
  author={Logg, Anders and Mardal, Kent-Andre and Wells, Garth},
  volume={84},
  year={2012},
  publisher={Springer Science \& Business Media}
}

@article{cellml,
  title={The CellML model repository},
  author={Lloyd, Catherine M and Lawson, James R and Hunter, Peter J and Nielsen, Poul F},
  journal={Bioinformatics},
  volume={24},
  number={18},
  pages={2122--2123},
  year={2008},
  publisher={Oxford Univ Press}
}

@article {cbcbeat,
	title = {Cbcbeat: an adjoint-enabled framework for computational cardiac electrophysiology},
	journal = {Journal of Open Source Software},
	year = {2017},
	month = {06/2017},
	publisher = {The Journal of Open Source Software, Open Source Initiative},
	doi = {10.21105/joss.00224},
	url = {http://dx.doi.org/10.21105/joss.00224},
	author = {Marie E {Rognes} and Patrick E {Farrell} and Simon W {Funke} and Johan E {Hake} and Maleckar, Molly}
}